<record><leader>00000cas a22000007a 4500</leader><controlfield tag="001">23829291</controlfield><controlfield tag="008">910524d19211922aruwr ne      0    0eng d</controlfield><datafield ind1=" " ind2=" " tag="010"><subfield code="a">sn 91050077 </subfield></datafield><datafield ind1=" " ind2=" " tag="040"><subfield code="a">ANU</subfield><subfield code="b">eng</subfield><subfield code="c">ANU</subfield><subfield code="d">OCLCQ</subfield></datafield><datafield ind1=" " ind2=" " tag="042"><subfield code="a">msc</subfield></datafield><datafield ind1=" " ind2=" " tag="043"><subfield code="a">n-us-ar</subfield></datafield><datafield ind1="0" ind2="4" tag="245"><subfield code="a">The Monette sun and Lake City times.</subfield></datafield><datafield ind1="1" ind2="3" tag="246"><subfield code="a">Monette sun-times</subfield><subfield code="f">Feb. 10-Apr. 6, 1922</subfield></datafield><datafield ind1=" " ind2=" " tag="260"><subfield code="a">Monette, Ark. :</subfield><subfield code="b">Gilbert Yarbrough</subfield></datafield><datafield ind1=" " ind2=" " tag="300"><subfield code="a">v.</subfield></datafield><datafield ind1=" " ind2=" " tag="310"><subfield code="a">Weekly</subfield></datafield><datafield ind1="0" ind2=" " tag="362"><subfield code="a">Vol. 13, no. 22 (Nov. 18, 1921)-v. 13, no. 43 (Apr. 6, 1922).</subfield></datafield><datafield ind1=" " ind2=" " tag="580"><subfield code="a">Formed by the union of: Monette sun, and: Lake City times (Lake City, Ark.) (non-extant).</subfield></datafield><datafield ind1=" " ind2="0" tag="651"><subfield code="a">Monette (Ark.)</subfield><subfield code="v">Newspapers.</subfield></datafield><datafield ind1=" " ind2=" " tag="752"><subfield code="a">United States</subfield><subfield code="b">Arkansas</subfield><subfield code="c">Craighead</subfield><subfield code="d">Monette.</subfield></datafield><datafield ind1="1" ind2="4" tag="780"><subfield code="t">Monette sun</subfield><subfield code="w">(DLC)sn 91050078</subfield></datafield><datafield ind1="1" ind2="4" tag="780"><subfield code="t">Lake City times (Lake City, Ark.)</subfield></datafield><datafield ind1="0" ind2="0" tag="785"><subfield code="t">Monette sun-times</subfield><subfield code="w">(DLC)sn 91050020</subfield></datafield><datafield ind1="1" ind2=" " tag="029"><subfield code="a">AU@</subfield><subfield code="b">000025856834</subfield></datafield></record>